% This file was created with JabRef 2.9.
% Encoding: UTF-8

@ARTICLE{banham1997digital,
  author = {Banham, Mark R and Katsaggelos, Aggelos K},
  title = {Digital image restoration},
  journal = {Signal Processing Magazine, IEEE},
  year = {1997},
  volume = {14},
  pages = {24--41},
  number = {2},
  publisher = {IEEE}
}

@ARTICLE{capel2003computer,
  author = {Capel, David and Zisserman, Andrew},
  title = {Computer vision applied to super resolution},
  journal = {Signal Processing Magazine, IEEE},
  year = {2003},
  volume = {20},
  pages = {75--86},
  number = {3},
  publisher = {IEEE}
}

@ARTICLE{danielyan2012bm3d,
  author = {Danielyan, Aram and Katkovnik, Vladimir and Egiazarian, Karen},
  title = {BM3D frames and variational image deblurring},
  journal = {Image Processing, IEEE Transactions on},
  year = {2012},
  volume = {21},
  pages = {1715--1728},
  number = {4},
  publisher = {IEEE}
}

@ARTICLE{gonzalez2002woods,
  author = {Gonzalez, Rafael C and Richard, E},
  title = {Woods, digital image processing},
  journal = {ed: Prentice Hall Press, ISBN 0-201-18075-8},
  year = {2002}
}

@ARTICLE{katsaggelos2007super,
  author = {Katsaggelos, Aggelos K and Molina, Rafael and Mateos, Javier},
  title = {Super resolution of images and video},
  journal = {Synthesis Lectures on Image, Video, and Multimedia Processing},
  year = {2007},
  volume = {1},
  pages = {1--134},
  number = {1},
  publisher = {Morgan \& Claypool Publishers}
}

@ARTICLE{ParkS.C.2003,
  author = {Park S. C., Park M. K., Kang M. G.},
  title = {Super-resolution image reconstruction: a technical overview},
  journal = {IEEE Signal Processing Magazine},
  year = {2003},
  volume = {20},
  pages = {21-36},
  owner = {Sa},
  quality = {1},
  timestamp = {2012.12.23}
}

@ARTICLE{suresh2007superresolution,
  author = {Suresh, KV and Kumar, G Mahesh and Rajagopalan, AN},
  title = {Superresolution of license plates in real traffic videos},
  journal = {Intelligent Transportation Systems, IEEE Transactions on},
  year = {2007},
  volume = {8},
  pages = {321--331},
  number = {2},
  publisher = {IEEE}
}

@ARTICLE{tian2011survey,
  author = {Tian, Jing and Ma, Kai-Kuang},
  title = {A survey on super-resolution imaging},
  journal = {Signal, Image and Video Processing},
  year = {2011},
  volume = {5},
  pages = {329--342},
  number = {3},
  publisher = {Springer}
}

@ARTICLE{yang2012coupled,
  author = {Yang, Jianchao and Wang, Zhaowen and Lin, Zhe and Cohen, Scott and
	Huang, Thomas},
  title = {Coupled dictionary training for image super-resolution},
  journal = {Image Processing, IEEE Transactions on},
  year = {2012},
  volume = {21},
  pages = {3467--3478},
  number = {8},
  publisher = {IEEE}
}

@INPROCEEDINGS{yuan2008fast,
  author = {Yuan, Jie and Du, Si-dan and Zhu, Xiang},
  title = {Fast super-resolution for license plate image reconstruction},
  booktitle = {Pattern Recognition, 2008. ICPR 2008. 19th International Conference
	on},
  year = {2008},
  pages = {1--4},
  organization = {IEEE}
}

@MASTERSTHESIS{Zemlyansky2012,
  author = {Юрий Андреевич Землянский},
  title = {Исследование вариационного подхода в задаче повышения разрешения
	изображения},
  school = {СПбГУ Математико-Механический факультет},
  year = {2012},
  owner = {Sa},
  quality = {1},
  timestamp = {2012.12.23}
}

@comment{jabref-meta: selector_school:СПбГУ Математико-Механический фа
культет;}

@comment{jabref-meta: selector_type:курсовая работа;}

